@article{kermack1927contribution,
  title={A contribution to the mathematical theory of epidemics},
  author={Kermack, William Ogilvy and McKendrick, Anderson G},
  journal={Proceedings of the royal society of london. Series A, Containing papers of a mathematical and physical character},
  volume={115},
  number={772},
  pages={700--721},
  year={1927},
  publisher={The Royal Society London},
  doi = {https://doi.org/10.1098/rspa.1927.0118}
}

@online{defzombie,
  title = {{Definition of Zombie- Oxford Dictionary}},
  url = {https://www.oxfordlearnersdictionaries.com/definition/english/zombie?q=Zombie},
  note = "[online, accessed 31-August-2021]"
}

@book{martcheva2015introduction,
  title={An introduction to mathematical epidemiology},
  author={Martcheva, Maia},
  volume={61},
  year={2015},
  publisher={Springer}
}

@article{allen2008mathematical,
  title={Mathematical Epidemiology, Volume 1945 of Lecture Notes in Mathematics},
  author={Allen, LJ and Brauer, F and van den Driessche, P and Wu, J},
  journal={Springer, Berlin},
  volume={13},
  pages={14},
  year={2008}
  url=={https://www.springer.com/gp/book/9783540789109}
}